<?xml version="1.0" encoding="UTF-8"?><collection xmlns="http://www.loc.gov/MARC21/slim"><record><leader>00575nam--2200193-u-4500</leader><controlfield tag="001">000052918</controlfield><controlfield tag="002">20161230</controlfield><controlfield tag="005">20161230201050</controlfield><controlfield tag="008">101129s1000------------r-----000-0-rus-d</controlfield><datafield ind1=" " ind2=" " tag="040"><subfield code="a">IFIN-HH</subfield></datafield><datafield ind1=" " ind2=" " tag="041"><subfield code="a">rus</subfield></datafield><datafield ind1=" " ind2=" " tag="080"><subfield code="a">681.72.08</subfield></datafield><datafield ind1="1" ind2=" " tag="100"><subfield code="a">Francon, Maurice</subfield></datafield><datafield ind1="1" ind2="0" tag="245"><subfield code="a">Fazavo-kontrastnih i interferentionnih mikroskopi</subfield><subfield code="c">Maurice francon</subfield></datafield><datafield ind1=" " ind2=" " tag="260"><subfield code="a">Moskva</subfield><subfield code="b">Nauka</subfield><subfield code="c">1960</subfield></datafield><datafield ind1=" " ind2=" " tag="300"><subfield code="a">180P</subfield></datafield><datafield ind1=" " ind2=" " tag="500"><subfield code="a">Titlul Original In Limba Franceza: Le Microscope A Contraste De Phase Et Le Microscope Interferentiel</subfield></datafield><datafield ind1=" " ind2=" " tag="852"><subfield code="a">77554</subfield><subfield code="c">535</subfield></datafield><datafield ind1=" " ind2=" " tag="CAT"><subfield code="a">Sys</subfield><subfield code="c">20101129</subfield><subfield code="h">111236</subfield></datafield></record></collection>